@article{apte00,
 author = {Apte, M. Uday and Viswanathan, S.}, 
 title = {Effective cross docking for improving distribution efficiencies},
 journal = {International Journal of Logistics: Research and Applications},
 volume = {3},
 pages = {291--302},
 year = {2000},
}

@article{witt98,
 author = {Witt, Clyde E.},
 title = {Crossdocking: Concepts demand choice},
 journal = {Material Handling Engineering},
 year = {1998},
 volume = {53},
 pages = {44--49},
}

@article{forger95,
 author = {Gary Forger},
 title = {UPS starts World's premiere cross-docking operation},
 journal = {Modern Materials Handling},
 year = {1995},
 pages = {36--38},
}

@misc{gue01,
 author = {Kevin R. Gue},
 title = {Cross-docking: Just-In-Time for Distribution},
 howpublished = {Teaching Notes-Naval Postgraduate School -- Monterey, CA},
 month = {May},
 year = {2001},
}

@MastersThesis{fraga07,
 author = {Fraga, M.C.P},
 title = {Uma Metodologia Híbrida: Colônia de Formigas ? Busca Tabu ? Reconexão por Caminhos para Resolução do Problema de Roteamento de Veículos com Janela de Tempo},
 school = {CEFET--MG},
 year = {2007},
 month = {Dissertação de mestrado},
}

@article{king97,
 author = {King, G.F. and Mast, C.F},
 title = {Excess travel: Causes, extent and consequences},
 journal = {Transportation Research Record},
 year = {1997},
 pages = {126--134},
}

@article{dantzig59,
 author = {Dantzig, G.B. and Ramser, J.H.},
 title = {The Truck Dispatching Problem},
 journal = {Management Science},
 volume = {6},
 year = {1959},
 pages = {80--91},
}

@article{vrpcd06,
 author = {Lee,, Young Hae and Jung,, Jung Woo and Lee,, Kyong Min},
 title = {Vehicle routing scheduling for cross-docking in the supply chain},
 journal = {Computers and Industrial Engineering},
 volume = {51},
 number = {2},
 year = {2006},
 issn = {0360-8352},
 pages = {247--256},
 publisher = {Pergamon Press, Inc.},
 address = {Tarrytown, NY, USA},
}

@inproceedings{oliveira02,
 author = {Patrícia Fernandes de Oliveira and Nélio Domingues Pizzolato},
 title = {Eficiência da distribuição através da prática do Cross Docking},
 booktitle = {ENEGEP - Encontro Nacional de Engenharia de Produção},
 year = {2002},
 location = {Curitiba - PR},
}

@article{jung07,
 author = {Jung,, Jaeheon and Mathur,, Kamlesh},
 title = {An Efficient Heuristic Algorithm for a Two-Echelon Joint Inventory and Routing Problem},
 journal = {Transportation Science},
 volume = {41},
 number = {1},
 year = {2007},
 issn = {1526-5447},
 pages = {55--73},
 doi = {http://dx.doi.org/10.1287/trsc.1060.0160},
 publisher = {INFORMS},
 address = {Linthicum, Maryland, USA},
}

@article{ohlmann08,
author = {Ohlmann, Jeffrey W. and Fry, Michael J. and Thomas, Barrett W.},
title = {{Route Design for Lean Production Systems}},
journal = {TRANSPORTATION SCIENCE},
volume = {42},
number = {3},
pages = {352--370},
doi = {10.1287/trsc.1070.0222},
year = {2008},
}

@article{yu08,
  author={Yu, Wooyeon and Egbelu, Pius J.},
  title={Scheduling of inbound and outbound trucks in cross docking systems with temporary storage},
  journal={European Journal of Operational Research},
  year=2008,
  volume={184},
  number={1},
  pages={377--396},
  month={January},
}

@article{bartholdi04,
 author = {Bartholdi,, John J. and Gue,, Kevin R.},
 title = {The Best Shape for a Crossdock},
 journal = {Transportation Science},
 volume = {38},
 number = {2},
 year = {2004},
 issn = {1526-5447},
 pages = {235--244},
 doi = {http://dx.doi.org/10.1287/trsc.1030.0077},
 publisher = {INFORMS},
 address = {Institute for Operations Research and the Management Sciences (INFORMS), Linthicum, Maryland, USA},
}

@article{wen08,
 author = {Min Wen and Jesper Larsen and Jean Clausen and Jean-François Cordeau and Gilbert Laporte},
 title = {Vehicle routing with Cross-Docking},
 journal = {Journal of Operational Research Society},
 year = {2008},
 doi = {10.1057/jors.2008.108},
 issn = {0160-5682},
 publisher = {Palgrave Macmillan},
}
